@STRING{SV = {Springer}}

@STRING{LNCS = {Lecture Notes in Computer Science}}

@INPROCEEDINGS{jml,
  author = {Gary T. Leavens and K. Rustan M. Leino and Erik Poll
                 and Clyde Ruby and Bart Jacobs},
  title = {{JML}: notations and tools supporting detailed design in {Java}},
  booktitle = {{OOPSLA} 2000 Companion, Minneapolis, Minnesota},
  pages = {105--106},
  year = 2000
}

@INPROCEEDINGS{chalin07,
  author = {Patrice Chalin},
  title = {A Sound Assertion Semantics for the Dependable Systems Evolution
                  Verifying Compiler},
  booktitle = {Proceedings of the International Conference on Software
                  Engineering (ICSE'07)},
  pages = {23-33},
  year = 2007,
  address = {Los Alamitos, CA, USA},
  publisher = {IEEE Computer Society}
}

@INPROCEEDINGS{chalin05,
  author = {Patrice Chalin},
  title = {Reassessing {JML}'s Logical Foundation},
  booktitle = {Proceedings of the 7th Workshop on Formal Techniques for
                  Java-like Programs (FTfJP'05)},
  year = 2005,
  address = {Glasgow, Scotland},
  month = JUL
}

@manual{acsl,
  title = {{ACSL, ANSI/ISO C Specification Language}},
  author = {Patrick Baudin and Jean-Christophe Filliâtre and Claude Marché
            and Benjamin Monate and Yannick Moy and Virgile Prevosto},
  year = {2011},
  month = feb,
  note = {Vesion 1.5. \url{http://frama-c.com/acsl.html}},
}

@manual{framac,
  title = {Frama-C User Manual},
  author = {Loïc Correnson and Pascal Cuoq and Armand Puccetti and
            Julien Signoles},
  year = {2011},
  month = feb,
  note = {\url{http://frama-c.com}},
}

@BOOK{KR88,
  author = {Brian Kernighan and Dennis Ritchie},
  title = {The C Programming Language (2nd Ed.)},
  publisher = {Prentice-Hall},
  year = 1988
}

@MANUAL{standardc99,
  title = {The {ANSI C} standard ({C99})},
  organization = {International Organization for Standardization ({ISO})},
  key = {C99},
  note = {\url{http://www.open-std.org/JTC1/SC22/WG14/www/docs/n1124.pdf}}
}
