@ARTICLE{boogie,
  author = {Mike Barnett and Robert DeLine and Manuel FÃ¤hndrich and K. Rustan
	M. Leino and Wolfram Schulte},
  title = {Verification of object-oriented programs with invariants},
  journal = {Journal of Object Technology},
  year = {2004},
  volume = {3},
  pages = {27-56},
  number = {6},
  month = {June},
  note = {Special issue: ECOOP 2003 workshop on Formal Techniques for Java-Like
	Programs}}