@Manual{ACSLref,
  title =        {ACSL: ANSI/ISO C Specification Language. Preliminary Design, version 1.2},
  author =    {Patrick Baudin and Jean-Christophe Filliâtre and Claude Marché and Benjamin Monate and Yannick Moy and Virgile Prevosto},
  year =      2008,
  note =      {\url{http://www.frama-c.cea.fr/download/acsl_1.2.pdf}}}

@MISC{jml,
  title = {{JML}},
  howpublished = {\url{http://www.cs.iastate.edu/~leavens/JML/}},
  key = {JML}
}

@MISC{caduceus,
  title = {{C}aduceus},
  howpublished = {\url{http://why.lri.fr/caduceus/}},
  key = {caduceus}
}
